<?xml version="1.0" encoding="UTF-8"?><record xmlns="http://www.loc.gov/MARC21/slim" xmlns:cinclude="http://apache.org/cocoon/include/1.0" xmlns:zs="http://www.loc.gov/zing/srw/">
  <leader>00801cz  a2200217n  4500</leader>
  <controlfield tag="001">n  84711609 </controlfield>
  <controlfield tag="003">DLC</controlfield>
  <controlfield tag="005">20080424074837.0</controlfield>
  <controlfield tag="008">860228n| acaaaaaan          |a ana      </controlfield>
  <datafield tag="010" ind1=" " ind2=" ">
    <subfield code="a">n  84711609 </subfield>
  </datafield>
  <datafield tag="035" ind1=" " ind2=" ">
    <subfield code="a">(OCoLC)oca01525111</subfield>
  </datafield>
  <datafield tag="040" ind1=" " ind2=" ">
    <subfield code="a">DLC</subfield>
    <subfield code="b">eng</subfield>
    <subfield code="c">DLC</subfield>
    <subfield code="d">DLC</subfield>
    <subfield code="d">OCoLC</subfield>
  </datafield>
  <datafield tag="130" ind1=" " ind2="0">
    <subfield code="a">Selçuklu Tarih ve Medeniyeti Enstitüsü yayınları.</subfield>
    <subfield code="p">Tarih dizisi</subfield>
  </datafield>
  <datafield tag="410" ind1="2" ind2=" ">
    <subfield code="a">Selçuklu Tarih ve Medeniyeti Enstitüsü (Ankara, Turkey)</subfield>
    <subfield code="t">Selçuklu Tarih ve Medeniyeti Enstitüsü yayınları.</subfield>
    <subfield code="p">Tarih dizisi</subfield>
  </datafield>
  <datafield tag="430" ind1=" " ind2="0">
    <subfield code="a">Tarih dizisi (Ankara, Turkey)</subfield>
  </datafield>
  <datafield tag="642" ind1=" " ind2=" ">
    <subfield code="a">no. 3</subfield>
    <subfield code="5">DLC</subfield>
  </datafield>
  <datafield tag="643" ind1=" " ind2=" ">
    <subfield code="a">Ankara</subfield>
    <subfield code="b">Selçuklu Tarih ve Medeniyeti Enstitüsü</subfield>
  </datafield>
  <datafield tag="644" ind1=" " ind2=" ">
    <subfield code="a">f</subfield>
    <subfield code="5">DLC</subfield>
  </datafield>
  <datafield tag="645" ind1=" " ind2=" ">
    <subfield code="a">t</subfield>
    <subfield code="5">DLC</subfield>
  </datafield>
  <datafield tag="646" ind1=" " ind2=" ">
    <subfield code="a">s</subfield>
    <subfield code="5">DLC</subfield>
  </datafield>
  <datafield tag="670" ind1=" " ind2=" ">
    <subfield code="a">Köymen, M.A. Büyük Selçuklu İmparatorlugu tarihi, 1979- :</subfield>
    <subfield code="b">v. 1, t.p.</subfield>
  </datafield>
</record>